%% This BibTeX bibliography file was created using BibDesk.
%% http://bibdesk.sourceforge.net/


%% Created for Alastair Mailer at 2012-06-11 12:20:14 +0100 


%% Saved with string encoding Unicode (UTF-8) 



@book{abramowitz+stegun,
	Address = {New York},
	Author = {Milton {Abramowitz} and Irene A. {Stegun}},
	Date-Added = {2012-06-11 12:18:39 +0100},
	Date-Modified = {2012-06-11 12:18:39 +0100},
	Edition = {ninth Dover printing, tenth GPO printing},
	Publisher = {Dover},
	Title = {Handbook of Mathematical Functions with Formulas, Graphs, and Mathematical Tables},
	Year = 1964}
