%% This BibTeX bibliography file was created using BibDesk.
%% http://bibdesk.sourceforge.net/


%% Created for Alastair Mailer at 2012-06-11 12:23:20 +0100 


%% Saved with string encoding Unicode (UTF-8) 


@article{kobayashi1991transmittance,
	title={Transmittance and radiation resistivity of optical glues},
	author={Kobayashi, Masaaki and Ishimoto, Shigeru and Sugimoto, Shojiro and Kobayashi, Shigeharu},
	journal={Nuclear Instruments and Methods in Physics Research Section A: Accelerators, Spectrometers, Detectors and Associated Equipment},
	volume={305},
	number={2},
	pages={401--405},
	year={1991},
	publisher={Elsevier}
}

@techreport{kirn1999absorption,
	title={Absorption length, radiation hardness and ageing of different optical glues},
	author={Kirn, Thomas and Schmitz, Detlef and Haering, M and Schulz, W},
	year={1999},
	institution={CERN-CMS-NOTE-1999-003}
}
@article{wojcik1994embedded,
	title={Embedded waveshifting fiber readout of long scintillators},
	author={Wojcik, R and Kross, B and Majewski, S and Weisenberger, AG and Zorn, C},
	journal={Nuclear Instruments and Methods in Physics Research Section A: Accelerators, Spectrometers, Detectors and Associated Equipment},
	volume={342},
	number={2-3},
	pages={416--435},
	year={1994},
	publisher={Elsevier}
}
@article{cohn1993scintillating,
	title={Scintillating Tiles Production and Light Readout},
	author={Cohn, Hans and Efremenko, Yuri and Tarkovsky, Evgeni},
	year={1993},
	publisher={Citeseer}
}
@article{reiche2001studies,
	title={Studies for the Optical Read-Out of a Hadronic Tile-Fibre-Calorimeter for TESLA},
	author={Reiche, S{\"o}ren},
	journal={University of Hamburg (Nov. 2001)},
	year={2001}
}
@techreport{joram2014mirroring,
	title={Mirroring of fibre ends for the LHCb SciFi project},
	author={Joram, Christian and Schneider, Thomas},
	year={2014}
}
@article{janecek2012reflectivity,
	title={Reflectivity spectra for commonly used reflectors},
	author={Janecek, Martin},
	journal={IEEE Transactions on Nuclear Science},
	volume={59},
	number={3},
	pages={490--497},
	year={2012},
	publisher={IEEE}
}
@article{golovko2008use,
	title={The use of Geant4 for simulations of a plastic $\beta$-detector and its application to efficiency calibration},
	author={Golovko, VV and Iacob, VE and Hardy, JC},
	journal={Nuclear Instruments and Methods in Physics Research Section A: Accelerators, Spectrometers, Detectors and Associated Equipment},
	volume={594},
	number={2},
	pages={266--272},
	year={2008},
	publisher={Elsevier}
}
@misc{hanlet1999comparison,
	title={Comparison of fiber polishing techniques},
	author={Hanlet, Pierrick and Marcus, Matthew and Gallas, Elizabeth},
	year={1999},
	publisher={D{\O}Note}
}
@article{dyshkant2006quality,
	title={Quality control studies of wavelength shifting fibers for a scintillator-based tail catcher muon tracker for linear collider prototype detector},
	author={Dyshkant, A and Beznosko, Dmitriy and Blazey, G and Fisk, E and Hahn, E and Rykalin, V and Wayne, M and Zutshi, V},
	journal={IEEE transactions on nuclear science},
	volume={53},
	number={6},
	pages={3944--3948},
	year={2006},
	publisher={IEEE}
}
@article{budd2001cms,
	title={CMS central hadron calorimeter},
	author={Budd, Howard S},
	journal={arXiv preprint hep-ex/0102032},
	year={2001}
}
@article{clements2006selection,
	title={Selection of optical adhesives},
	author={Clements, Andrew},
	journal={University of Arizona, PR China},
	year={2006}@article{albrow1987uranium,
	title={A uranium scintillator calorimeter with plastic-fibre readout},
	author={Albrow, Michael G and Arnison, G and Bunn, J and Clarke, D and Cochet, C and Colas, P and Dallman, D and de Brion, JP and Denby, B and Eisenhandler, E and others},
	journal={Nuclear Instruments and Methods in Physics Research Section A: Accelerators, Spectrometers, Detectors and Associated Equipment},
	volume={256},
	number={1},
	pages={23--37},
	year={1987},
	publisher={Elsevier}
	}
}
@article{artikov2006new,
	title={New-generation large-area muon scintillation counters with wavelength shifter fiber readout for CDF II},
	author={Artikov, A and Budagov, J and Chirikov-Zorin, I and Chokheli, D and Kolomoets, V and Lyablin, M and Pukhov, O and Sissakian, A and Bellettini, G and Menzione, A and others},
	journal={Physics of Particles and Nuclei Letters},
	volume={3},
	number={3},
	pages={188--200},
	year={2006},
	publisher={Springer}
}
@article{albrow1987uranium,
	title={A uranium scintillator calorimeter with plastic-fibre readout},
	author={Albrow, Michael G and Arnison, G and Bunn, J and Clarke, D and Cochet, C and Colas, P and Dallman, D and de Brion, JP and Denby, B and Eisenhandler, E and others},
	journal={Nuclear Instruments and Methods in Physics Research Section A: Accelerators, Spectrometers, Detectors and Associated Equipment},
	volume={256},
	number={1},
	pages={23--37},
	year={1987},
	publisher={Elsevier}
}
@inproceedings{dudek2011lattice,
	title={Lattice QCD and the Jefferson Lab program},
	author={Dudek, Jozef J and Edwards, Robert G and Orginos, Kostas and Richards, David G},
	booktitle={Journal of Physics: Conference Series},
	volume={299},
	number={1},
	pages={012007},
	year={2011},
	organization={IOP Publishing}
}
@article{jaffe1977multiquark,
	title={Multiquark hadrons. I. Phenomenology of Q 2 Q 2 mesons},
	author={Jaffe, RJ},
	journal={Physical Review D},
	volume={15},
	number={1},
	pages={267},
	year={1977},
	publisher={APS}
}
@article{bali1993comprehensive,
	title={A Comprehensive lattice study of SU (3) glueballs},
	author={Bali, GS and Schilling, K and Hulsebos, A and Irving, AC and Michael, Ch and Stephenson, PW and Ukqcd Collaboration and others},
	journal={Physics Letters B},
	volume={309},
	number={3},
	pages={378--384},
	year={1993},
	publisher={Elsevier}
}
@article{johnson1975bag,
	title={The MIT bag model},
	author={Johnson, Kenneth},
	journal={Acta Physica Polonica. Series B},
	volume={6},
	number={6},
	pages={865--892},
	year={1975}
}
@article{amarian2001clas,
	title={The CLAS forward electromagnetic calorimeter},
	author={Amarian, M and Asryan, Geram and Beard, Kevin and Brooks, Will and Burkert, Volker and Carstens, Tom and Coleman, Alan and Demirchyan, Raphael and Efremenko, Yu and Egiyan, Hovanes and others},
	journal={Nuclear Instruments and Methods in Physics Research Section A: Accelerators, Spectrometers, Detectors and Associated Equipment},
	volume={460},
	number={2},
	pages={239--265},
	year={2001},
	publisher={Elsevier}
}
@article{barbosa2012silicon,
	title={Silicon photomultiplier characterization for the GlueX barrel calorimeter},
	author={Barbosa, F and McKisson, JE and McKisson, J and Qiang, Y and Smith, E and Zorn, C and GlueX Collaboration and others},
	journal={Nuclear Instruments and Methods in Physics Research Section A: Accelerators, Spectrometers, Detectors and Associated Equipment},
	volume={695},
	pages={100--104},
	year={2012},
	publisher={Elsevier}
}
@article{degtiarenko2011calculation,
	title={Calculation of Radiation Damage to Silicon Photomultipliers in GlueX Experiment},
	author={Degtiarenko, P and Fass{\`o}, A and Kharashvili, G and Somov, A},
	year={2011}
}
@inproceedings{bross1990radiation,
	title={Radiation induced hidden absorption effects in polystyrene based plastic scintillator},
	author={Bross, AD and Pla-Dalmau, A},
	booktitle={ACS Symp. Ser.},
	volume={475},
	number={FERMILAB-PUB-90-224},
	pages={578--590},
	year={1990}
}
@techreport{barsuk2000radiation,
	title={Radiation damage of LHCb electromagnetic calorimeter},
	author={Barsuk, S and Korolko, I and Malyshev, S and Rusinov, V Yu and Kirichenko, V and Tarkovski, E and Golutvin, A},
	year={2000}
}
@techreport{protopopov1993radiation,
	title={Radiation damage on plastic scintillators and optical fibers},
	author={Protopopov, Yu and Vasilchenko, VG},
	year={1993},
	institution={P00023169}
}
@article{jacosalem2007systematic,
	title={Systematic studies of small scintillators for new sampling calorimeter},
	author={Jacosalem, EP and Iba, S and Nakajima, N and Ono, H and Sanchez, ALC and Bacala, AM and Miyata, H and others},
	journal={Pramana},
	volume={69},
	number={6},
	pages={1051--1056},
	year={2007},
	publisher={Springer}
}
@techreport{barsuk2000fiber,
	title={Fiber density and uniformity of response of LHCb electromagnetic calorimeter},
	author={Barsuk, S and Malyshev, S and Golutvin, A and Kirichenko, V and Belyaev, I and Korolko, I and Tarkovski, E and Rusinov, V Yu},
	year={2000},
	institution={CERN-LHCb-2000-034}
}
@article{dombey1969scattering,
	title={Scattering of polarized leptons at high energy},
	author={Dombey, Norman},
	journal={Reviews of Modern Physics},
	volume={41},
	number={1},
	pages={236},
	year={1969},
	publisher={APS}
}
@article{schilling1973analyse,
	title={How to analyse vector-meson production in inelastic lepton scattering},
	author={Schilling, K and Wolf, G},
	journal={Nuclear Physics B},
	volume={61},
	pages={381--413},
	year={1973},
	publisher={Elsevier}
}
@article{montecchi2001study,
	title={Study of some optical glues for the Compact Muon Solenoid at the large hadron collider of CERN},
	author={Montecchi, Marco and Ingram, Quentin},
	journal={Nuclear Instruments and Methods in Physics Research Section A: Accelerators, Spectrometers, Detectors and Associated Equipment},
	volume={465},
	number={2},
	pages={329--345},
	year={2001},
	publisher={Elsevier}
}
@article{cohen2003optical,
	title={Optical properties of the DIRC fused silica Cherenkov radiator},
	author={Cohen-Tanugi, J and Convery, M and Ratcliff, B and Sarazin, X and Schwiening, J and Va'vra, J},
	journal={Nuclear Instruments and Methods in Physics Research Section A: Accelerators, Spectrometers, Detectors and Associated Equipment},
	volume={515},
	number={3},
	pages={680--700},
	year={2003},
	publisher={Elsevier}
}
@article{cohen2001optical,
	title={Optical properties of the DIRC fused silica Cherenkov radiator},
	author={Cohen-Tanugi, J and Va'vra, J and Ratcliff, B and Sarazin, X and Convery, M and Schwiening, J},
	journal={ICFA Instrum. Bull.},
	volume={21},
	number={SLAC-J-ICFA-021-3},
	pages={20--44},
	year={2001}
}
@article{va2014optical,
	title={Optical properties of RICH detectors},
	author={Va’vra, Jerry},
	journal={Nuclear Instruments and Methods in Physics Research Section A: Accelerators, Spectrometers, Detectors and Associated Equipment},
	volume={766},
	pages={189--198},
	year={2014},
	publisher={Elsevier}
}
@article{adloff2010construction,
	title={Construction and commissioning of the CALICE analog hadron calorimeter prototype},
	author={Adloff, C and Karyotakis, Y and Repond, J and Brandt, A and Brown, H and De, K and Medina, C and Smith, J and Li, J and Sosebee, M and others},
	journal={Journal of Instrumentation},
	volume={5},
	number={05},
	pages={P05004},
	year={2010},
	publisher={IOP Publishing}
}
@article{lightfoot2008characterisation,
	title={Characterisation of a silicon photomultiplier device for applications in liquid argon based neutrino physics and dark matter searches},
	author={Lightfoot, PK and Barker, Gary John and Mavrokoridis, K and Ramachers, YA and Spooner, NJC},
	journal={Journal of Instrumentation},
	volume={3},
	number={10},
	pages={P10001},
	year={2008},
	publisher={IOP Publishing}
}
@article{weidner1981reflection,
	title={Reflection properties of pressed polytetrafluoroethylene powder},
	author={Weidner, Victor R and Hsia, Jack J},
	journal={JOSA},
	volume={71},
	number={7},
	pages={856--861},
	year={1981},
	publisher={Optical Society of America}
}
@article{janecek2008optical,
	title={Optical reflectance measurements for commonly used reflectors},
	author={Janecek, Martin and Moses, William W},
	journal={IEEE Transactions on Nuclear Science},
	volume={55},
	number={4},
	pages={2432--2437},
	year={2008},
	publisher={IEEE}
}
@misc{website:AdvanSiDSiPMpdf,
	author={AdvanSiD},
	title={Introduction to SiPMs},
	month={September},
	year={2014},
	url={http://advansid.com/attachment/get/up_89_1411030571.pdf},
	note={Accessed: 15-09-2016}
}
@inproceedings{gola2012sipm,
	title={SiPM cross-talk amplification due to scintillator crystal: effects on timing performance},
	author={Gola, Alberto and Tarolli, Alessandro and Piemonte, Claudio},
	booktitle={Nuclear Science Symposium and Medical Imaging Conference (NSS/MIC), 2012 IEEE},
	pages={421--423},
	year={2012},
	organization={IEEE}
}
@techreport{gallas1998polishing,
	title={Polishing optical fibers for the D0 ICD in Run II},
	author={Gallas, Elizabeth and Li, Jia},
	year={1998},
	institution={FNAL-TM-2062}
}
@article{mazzitelli2003commissioning,
	title={Commissioning of the DA$\Phi$NE beam test facility},
	author={Mazzitelli, G and Ghigo, A and Sannibale, F and Valente, P and Vignola, G},
	journal={Nuclear Instruments and Methods in Physics Research Section A: Accelerators, Spectrometers, Detectors and Associated Equipment},
	volume={515},
	number={3},
	pages={524--542},
	year={2003},
	publisher={Elsevier}
}
@techreport{FTTDR2012,
	title={CLAS12 Forward Tagger Technical Design Report, V2.0},
	author={Forward Tagger Collaboration},
	month={December},
	year={2012},
	institution={Jefferson Laboratory}
}
@article{zhou2007phos,
	title={PHOS, the ALICE-PHOton spectrometer},
	author={Zhou, DC and ALICE collaboration and others},
	journal={Journal of Physics G: Nuclear and Particle Physics},
	volume={34},
	number={8},
	pages={S719},
	year={2007},
	publisher={IOP Publishing}
}
@article{erni2008technical,
	title={Technical Design Report for PANDA Electromagnetic Calorimeter (EMC)},
	author={Erni, W and Keshelashvili, I and Krusche, B and Steinacher, M and Heng, Y and Liu, Z and Liu, H and Shen, X and Wang, O and Xu, H and others},
	journal={arXiv preprint arXiv:0810.1216},
	year={2008}
}
@inproceedings{stepanyan2008clas,
	title={CLAS Note 2009-019; S. Stepanyan et. al},
	author={Stepanyan, S and others},
	booktitle={2008 IEEE nuclear Science Symposium and Medical imaging Conference}
}
@article{mecking2003cebaf,
	title={The CEBAF large acceptance spectrometer (CLAS)},
	author={Mecking, Bernhard A and Adams, G and Ahmad, S and Anciant, E and Anghinolfi, M and Asavapibhop, B and Asryan, G and Audit, G and Auger, T and Avakian, H and others},
	journal={Nuclear Instruments and Methods in Physics Research Section A: Accelerators, Spectrometers, Detectors and Associated Equipment},
	volume={503},
	number={3},
	pages={513--553},
	year={2003},
	publisher={Elsevier}
}
@article{mestayer2000clas,
	title={The CLAS drift chamber system},
	author={Mestayer, MD and Carman, DS and Asavapibhop, B and Barbosa, FJ and Bonneau, P and Christo, SB and Dodge, GE and Dooling, T and Duncan, WS and Dytman, SA and others},
	journal={Nuclear Instruments and Methods in Physics Research Section A: Accelerators, Spectrometers, Detectors and Associated Equipment},
	volume={449},
	number={1},
	pages={81--111},
	year={2000},
	publisher={Elsevier}
}
@article{adams2001clas,
	title={The CLAS cherenkov detector},
	author={Adams, G and Burkert, V and Carl, R and Carstens, T and Frolov, V and Houghtlin, L and Jacobs, G and Kossov, M and Klusman, M and Kross, B and others},
	journal={Nuclear Instruments and Methods in Physics Research Section A: Accelerators, Spectrometers, Detectors and Associated Equipment},
	volume={465},
	number={2},
	pages={414--427},
	year={2001},
	publisher={Elsevier}
}
@article{smith1999time,
	title={The time-of-flight system for CLAS},
	author={Smith, ES and Carstens, T and Distelbrink, J and Eckhause, M and Egiyan, H and Elouadrhiri, L and Ficenec, J and Guidal, M and Hancock, AD and Hersman, FW and others},
	journal={Nuclear Instruments and Methods in Physics Research Section A: Accelerators, Spectrometers, Detectors and Associated Equipment},
	volume={432},
	number={2},
	pages={265--298},
	year={1999},
	publisher={Elsevier}
}
@article{amarian2001clas,
	title={The CLAS forward electromagnetic calorimeter},
	author={Amarian, M and Asryan, Geram and Beard, Kevin and Brooks, Will and Burkert, Volker and Carstens, Tom and Coleman, Alan and Demirchyan, Raphael and Efremenko, Yu and Egiyan, Hovanes and others},
	journal={Nuclear Instruments and Methods in Physics Research Section A: Accelerators, Spectrometers, Detectors and Associated Equipment},
	volume={460},
	number={2},
	pages={239--265},
	year={2001},
	publisher={Elsevier}
}
@article{anghinolfi2000response,
	title={Response to cosmic rays of the large-angle electromagnetic shower calorimeter of the CLAS detector},
	author={Anghinolfi, M and Battaglieri, M and Corvisiero, P and De Vita, R and Golovach, E and Longhi, A and Mokeev, V and Ricco, G and Ripani, M and Sapunenko, V and others},
	journal={Nuclear Instruments and Methods in Physics Research Section A: Accelerators, Spectrometers, Detectors and Associated Equipment},
	volume={447},
	number={3},
	pages={424--431},
	year={2000},
	publisher={Elsevier}
}
@article{alcorn2004basic,
	title={Basic instrumentation for hall a at jefferson lab},
	author={Alcorn, John and Anderson, BD and Aniol, KA and Annand, JRM and Auerbach, L and Arrington, J and Averett, T and Baker, FT and Baylac, M and Beise, EJ and others},
	journal={Nuclear Instruments and Methods in Physics Research Section A: Accelerators, Spectrometers, Detectors and Associated Equipment},
	volume={522},
	number={3},
	pages={294--346},
	year={2004},
	publisher={Elsevier}
}
@article{qiang2015detector,
	title={Detector development for Jefferson Lab’s 12GeV Upgrade},
	author={Qiang, Yi and SoLID Collaboration and others},
	journal={Nuclear Instruments and Methods in Physics Research Section B: Beam Interactions with Materials and Atoms},
	volume={350},
	pages={71--76},
	year={2015},
	publisher={Elsevier}
}
@article{leemann2001continuous,
	title={The continuous electron beam accelerator facility: CEBAF at the Jefferson Laboratory},
	author={Leemann, Christoph W and Douglas, David R and Krafft, Geoffrey A},
	journal={Annual Review of Nuclear and Particle Science},
	volume={51},
	number={1},
	pages={413--450},
	year={2001},
	publisher={Annual Reviews 4139 El Camino Way, PO Box 10139, Palo Alto, CA 94303-0139, USA}
}
@article{taylor2001clas,
	title={The CLAS start counter},
	author={Taylor, S and Ahmad, S and Distelbrink, J and Mutchler, GS and Smith, E and Smith, T},
	journal={Nuclear Instruments and Methods in Physics Research Section A: Accelerators, Spectrometers, Detectors and Associated Equipment},
	volume={462},
	number={3},
	pages={484--493},
	year={2001},
	publisher={Elsevier}
}
@techreport{street1996final,
	title={Final site assembly and testing of the superconducting toroidal magnet for the CEBAF Large Acceptance Spectrometer (CLAS)},
	author={Street, Alan J and Ross, John SH and Harrison, Stephen M and Jenkins, David M and Mason, Michel F and Riggs, Richard J and Smith, Kevin D and Wiatrzyk, Julian M and O'Meara, John E and Tuzel, Walter and others},
	year={1996},
	institution={Thomas Jefferson National Accelerator Facility}
}
@article{o1989superconducting,
	title={A superconducting toroidal magnet for the CEBAF large acceptance spectrometer},
	author={O'Meara, John and Alcorn, John and Brindza, Paul and Chew, M-S and Doolittle, Gretchen and Fowler, Michael and Mecking, Bernhard and Riggs, Cassin and Tilles, Doug and Tuzel, Walter},
	journal={IEEE Transactions on Magnetics},
	volume={25},
	number={2},
	pages={1902--1905},
	year={1989},
	publisher={IEEE}
}
@article{sober2000bremsstrahlung,
	title={The bremsstrahlung tagged photon beam in Hall B at JLab},
	author={Sober, DI and Crannell, Hall and Longhi, Alberto and Matthews, SK and O'Brien, JT and Berman, BL and Briscoe, WJ and Cole, Philip L and Connelly, JP and Dodge, WR and others},
	journal={Nuclear Instruments and Methods in Physics Research Section A: Accelerators, Spectrometers, Detectors and Associated Equipment},
	volume={440},
	number={2},
	pages={263--284},
	year={2000},
	publisher={Elsevier}
}
@article{carman1998region,
	title={The Region One drift chamber for the CLAS spectrometer},
	author={Carman, DS and Dytman, SA and Magahiz, R and Mestayer, MD and Miskimen, RA and Mueller, JA and Schumacher, RA and Tedeschi, DJ and Thompson, RA and Wilkin, GR},
	journal={Nuclear Instruments and Methods in Physics Research Section A: Accelerators, Spectrometers, Detectors and Associated Equipment},
	volume={419},
	number={2},
	pages={315--319},
	year={1998},
	publisher={Elsevier}
}
@article{qin1998prototype,
	title={Prototype studies and design considerations for the CLAS Region 2 drift chambers},
	author={Qin, LM and Raue, BA and Dodge, GE and Hyde-Wright, CE and Klein, A and Kuhn, SE and Pyron, TD and Vansyoc, KG and Weinstein, LB and Yun, J},
	journal={Nuclear Instruments and Methods in Physics Research Section A: Accelerators, Spectrometers, Detectors and Associated Equipment},
	volume={411},
	number={2-3},
	pages={265--274},
	year={1998},
	publisher={Elsevier}
}