%% Short bibliography for the literature review papers

@article{diaz1974evidence,
	title={Evidence for the $\omega$ $\pi$ $\pi$ Decay Modes of the A 2 and $\omega$ (1675)},
	author={Diaz, J and DiBianca, FA and Fickinger, WJ and Malko, JA and Robinson, DK and Sullivan, CR and Anderson, JC and Engler, A and Kraemer, RW and Toaff, S and others},
	journal={Physical Review Letters},
	volume={32},
	number={5},
	pages={260},
	year={1974},
	publisher={APS}
}

@article{defoix1973evidence,
	title={Evidence for an $\omega$° $\pi$+ $\pi$- decay mode of the A° 2 via an $\omega$° $\pi$$\pm$resonance at 1040 MeV and for an $\omega$° $\pi$+ $\pi$- effect near 1400 MeV},
	author={Defoix, C and Dobrzynski, L and Espigat, P and Nascimente, A and O'Neall, J and Rivet, P and Siaud, J},
	journal={Physics Letters B},
	volume={43},
	number={2},
	pages={141--145},
	year={1973},
	publisher={Elsevier}
}

@article{chaloupka1973measurement,
	title={A measurement of the branching ratios of the A 2- meson produced in 3.9 GeV/c$\pi$- ϱ interactions},
	author={Chaloupka, V and Dobrzynski, L and Ferrando, A and Losty, Michael J and Montanet, L and Paul, E and Yaffe, D and Zieminski, A},
	journal={Physics Letters B},
	volume={44},
	number={2},
	pages={211--216},
	year={1973},
	publisher={Elsevier}
}

@article{karshon1974structure,
	title={Structure in the $\omega$ $\pi$ $\pi$ System at the A 2 Mass Region},
	author={Karshon, U and Mikenberg, G and Pitluck, S and Eisenberg, Y and Ronat, EE and Shapira, A and Yekutieli, G},
	journal={Physical Review Letters},
	volume={32},
	number={15},
	pages={852},
	year={1974},
	publisher={APS}
}